% Encoding: UTF-8

@InProceedings{Marcos2017,
  author    = {Diego Marcos and Michele Volpi and Nikos Komodakis and Devis Tuia},
  title     = {Rotation Equivariant Vector Field Networks},
  booktitle = {2017 {IEEE} International Conference on Computer Vision ({ICCV})},
  year      = {2017},
  month     = {oct},
  publisher = {{IEEE}},
  doi       = {10.1109/iccv.2017.540},
}

@Comment{jabref-meta: databaseType:bibtex;}
